@online{logo_hska,
	editor = {Hochschule Karlsruhe},
	title = {Logo der Hochschule Karlsruhe - Technik und Wirtschaft},
	year = {},
	url = {https://de.wikipedia.org/wiki/Datei:Hska_logo.svg},
	urldate = {2018-11-26},
}